@article{hirsch1995thailand,
  title={Thailand and the new geopolitics of southeast Asia: resource and environmental issues.},
  author={Hirsch, Philip and others},
  journal={Counting the costs: economic growth and environmental change in Thailand.},
  pages={235--259},
  year={1995},
  publisher={Institute of Southeast Asian Studies (ISEAS)}
}